<?xml version="1.0" encoding="UTF-8"?><collection><record><leader>09580ntm a2200709 a 4500</leader><controlfield tag="001">006822059</controlfield><controlfield tag="003">MiAaHDL</controlfield><controlfield tag="005">20190719000000.0</controlfield><controlfield tag="006">m        d        </controlfield><controlfield tag="007">cr bn ---auaua</controlfield><controlfield tag="008">090623s17uu    xx            00| ||ota d</controlfield><datafield tag="035" ind1=" " ind2=" "><subfield code="a">(MiU)006822059</subfield></datafield><datafield tag="035" ind1=" " ind2=" "><subfield code="a">sdr-miu006822059</subfield></datafield><datafield tag="040" ind1=" " ind2=" "><subfield code="a">MiU</subfield><subfield code="c">MiU</subfield><subfield code="e">amremm</subfield></datafield><datafield tag="041" ind1="0" ind2=" "><subfield code="a">ota</subfield></datafield><datafield tag="043" ind1=" " ind2=" "><subfield code="a">n-us-mi</subfield></datafield><datafield tag="100" ind1="0" ind2=" "><subfield code="6">880-01</subfield><subfield code="a">Nazmizade Murtaza,</subfield><subfield code="d">d. 1722?</subfield></datafield><datafield tag="245" ind1="1" ind2="0"><subfield code="6">880-03</subfield><subfield code="a">Hâzâ Şerh-i Vaṣṣāf,</subfield><subfield code="f">[18th century?].</subfield></datafield><datafield tag="246" ind1="3" ind2=" "><subfield code="a">شرح وترجمة تاريخ وصاف</subfield></datafield><datafield tag="246" ind1="3" ind2=" "><subfield code="a">ترجمه تاريخ وصاف الحضرة</subfield></datafield><datafield tag="246" ind1="3" ind2=" "><subfield code="a">ترجمة تجزئة الأمصار و تزجية الأعصار</subfield></datafield><datafield tag="246" ind1="3" ind2=" "><subfield code="a">شرح تجزية الامصار وتزجية الاعصار</subfield></datafield><datafield tag="246" ind1="3" ind2=" "><subfield code="a">Şerh tecziyatül-emsar ve tezciyatil-asar</subfield></datafield><datafield tag="246" ind1="3" ind2=" "><subfield code="a">Tarih-i Vassâf şerhi</subfield></datafield><datafield tag="246" ind1="3" ind2=" "><subfield code="6">880-04</subfield><subfield code="i">Title from inscription in red on 'title page' (p.3):</subfield><subfield code="a">جلد اول تاريخ وصاف في شرحه</subfield></datafield><datafield tag="246" ind1="3" ind2=" "><subfield code="a">شرح وصاف</subfield></datafield><datafield tag="246" ind1="3" ind2=" "><subfield code="a">Şerh-i Vaṣṣāf</subfield></datafield><datafield tag="260" ind1=" " ind2=" "><subfield code="c">[17--?].</subfield></datafield><datafield tag="300" ind1=" " ind2=" "><subfield code="a">369 leaves :</subfield><subfield code="b">paper ;</subfield><subfield code="c">235 x 140 (180 x 83) mm.</subfield></datafield><datafield tag="500" ind1=" " ind2=" "><subfield code="a">Shelfmark: Ann Arbor, University of Michigan, Special Collections Library, Isl. Ms. 384</subfield></datafield><datafield tag="500" ind1=" " ind2=" "><subfield code="a">Origin: Lacks dated colophon ; paper, decoration, etc. suggest 18th century. Statement in red ink accompanied by dated seal impression on 'title page' (p.3) provides a terminus ante quem of 1846 (i.e. 12 Jumādá II 1262 = ca. 8 May 1846).</subfield></datafield><datafield tag="500" ind1=" " ind2=" "><subfield code="a">Former shelfmark: "584 T. De M. [i.e. Tammaro De Marinis]" inscribed in pencil on verso of front flyleaf.</subfield></datafield><datafield tag="500" ind1=" " ind2=" "><subfield code="a">Binding: Pasteboards covered in dark red leather ; Type II binding (with flap), likely two-piece binding (seam of overlapping flanges barely visible at spine) ; pastedowns and flyleaves in an elegant marbled paper (mainly in red and dark blue or green) ; upper and lower covers carry stamped and gold-painted mandorla (filled with vegetal composition, compare Déroche class. NSd 7) and pendants, as well as a tooled border in a series of s-shaped stamps evoking guilloché roll in gold ; design continues on envelope flap ; sewn in pink thread, two stations ; worked chevron endbands in deep pink and pale yellow (or cream), good condition ; overall in somewhat poor condition with flap fully detached, some staining, minor abrasion, etc. ; housed in box for protection.</subfield></datafield><datafield tag="500" ind1=" " ind2=" "><subfield code="a">Support: non-European (likely Persian) and European laid paper of several types ; first half of codex mainly in non-European (likely Persian) laid paper with 8 laid lines per cm. (mainly vertical, fairly distinct) and occasional chain lines visible, quite thin and transluscent though sturdy, well-burnished, dark cream in color ; second half of the codex in several European laid papers, mainly with raisin watermarks including paper with 11-12 laid lines per cm. (mainly horizontal), chain lines spaced 26 mm. apart (mainly vertical) and watermarks of grapes under name and crown (see p.546, 552, etc.) and names (see p.542, 550, etc.) and paper with 11 laid lines per cm. (vertical), chain lines spaced 22-24 mm. apart (horizontal), and watermark of grapes under crown (see p.714, etc.) ; flyleaves in European laid paper (watermark of lion guardant visible in front flyleaf, p.2) ; significant breakthrough at frames (border at inner margin toward gutter in practically every leaf in the first four gatherings) ; leaf carrying p.471-472 delaminating.</subfield></datafield><datafield tag="500" ind1=" " ind2=" "><subfield code="a">Decoration: Elegant illuminated headpiece (ʻunwān / sarlawḥ) at opening on p.4, consisting of scalloped w-shaped piece with central gold cartouche (carrying the title in white "هذا شرح وصاف") surrounded by swirling floral vegetal composition in gold, pink, light blue, white, orange, red, etc. on a pale gold ground, surmounted by vertical stalks (tīgh) in dark blue with gold accents, entire piece set in a well consisting of bands of red with white accents, white with dark blue accents, and heavy gold interlace with red and white accents ; other similar illuminated headpieces at the openings of other sections on p.262 and 444 ; written area of incipit and facing page surrounded by heavy "gold" frame defined by black fillets, elsewhere written area surrounded by narrower gold frame black fillets ; keywords rubricated ; passages being commented upon (matn of Tārīkh-i Vaṣṣāf) overlined in red ; textual dividers in the form of red discs.</subfield></datafield><datafield tag="500" ind1=" " ind2=" "><subfield code="a">Script: Nastaʻlīq (talik) ; compact, elegant hand ; serifless, with slight effect of words descending to baseline, closed counters, elongated horizontal strokes, pointing in strokes rather than distinct dots.</subfield></datafield><datafield tag="500" ind1=" " ind2=" "><subfield code="a">Layout: Written in 27 lines per page ; frame-ruled.</subfield></datafield><datafield tag="500" ind1=" " ind2=" "><subfield code="a">Collation: ii, 34 V(340), IV (348), VI (360), IV+1 (369), i ; chiefly quinions ; catchwords present ; page between first and second volume left blank (p.261) ; quire numbering in the form of Hindu-Arabic numerals in black ink, recto of opening leaf of each from the second ; foliation in red ink, Hindu-Arabic numerals ; pagination in pencil, Western numerals, supplied during digitization (includes inner front flyleaf and skips two pages each between pp.83-84, 103-104, 353-354).</subfield></datafield><datafield tag="500" ind1=" " ind2=" "><subfield code="a">Explicit: "العباد شايان اولدوغى كبى ومثل هذا التسهيل قد سهل الله سبحانه وتعالى علينا ما رمناه من المقاصد الغالية والحمد كل الحمد لربنا رب المبدعات من العشرة العالية ... ونستغفره ونتوب اليه ونسأله العفو والعاقبة انه هو البر الرحيم تم"</subfield></datafield><datafield tag="500" ind1=" " ind2=" "><subfield code="a">Incipit: "الحمد لله الذي رفع سبع طباق الخضراء بغير عمد ترونها واوحى بمقتضى حكمته في كل سماء امرها ... وبعد دل ارباب ذوى اللب والالباب ... كه بوندن اقدم شهرت يافتۀ اشتهار آفتاب عالمتاب اولان تاريخ وصاف عبارات مشكله وفقرات معضله ولغات عربيۀ مختلفه يعنى عربيه وفارسيه وچاغتالى ومغلى وخوارزمى ومصطلحات علوم صرف ونحو وعروض ومسيقى وايقاع وهندسه وحساب ومنطق وحكمت وكلام وساير مصطلح غريب اوزرينه ..."</subfield></datafield><datafield tag="500" ind1=" " ind2=" "><subfield code="a">Title from illuminated headpiece at opening (p.4).</subfield></datafield><datafield tag="500" ind1=" " ind2=" "><subfield code="a">Ms. codex.</subfield></datafield><datafield tag="510" ind1="4" ind2=" "><subfield code="a">Pfeiffer, Judith. "’A turgid history of the Mongol empire in Persia:’ espistimological reflections concerning a critical edition of Vaṣṣāf’s Tajziyat al-amṣār wa-tazjiyat al-aʻṣār." In Theoretical approaches to the transmission and edition of Oriental manuscripts. Proceedings of a symposium held in Istanbul, March 28-30, 2001. Ed. Judith Pfeiffer, Manfred Kropp. Beirut: Ergon verlag Würzburg in Kommission, 2007 : 107-123,</subfield><subfield code="c">(see pp.114-115).</subfield></datafield><datafield tag="510" ind1="4" ind2=" "><subfield code="a">Flügel, Gustav. Die arabischen, persischen und türkischen Handschriften der Kaiserlich-Königlichen Hofbibliothek zu Wien. (Vienna: K.K. Hof- und Staatsdruckerei, 1856-1867):</subfield><subfield code="c">vol.2, pp.185-187</subfield></datafield><datafield tag="520" ind1="8" ind2=" "><subfield code="a">Elegant copy of the commentary by Bagdatlı Nazmizade Hüseyin Murtaza Efendi (d.1721 or 2?) on Vaṣṣāf’s Tajziyat al-amṣār wa-tazjiyat al-aʻṣār or Tārīkh-i Vaṣṣāf, a history of the Īlkhāns intended as a continuation of ʻAlāʼ al-Dīn ʻAṭā Malik Juvaynī’s (d.1283) Tārīkh-i Jahāngushā (Jahān-gushāy) and renowned for its form and style. Several volumes in one. Contributions to the cataloguing from Eren Miyasoğlu and Hossein Mottaghi.</subfield></datafield><datafield tag="538" ind1=" " ind2=" "><subfield code="a">Mode of access: Internet.</subfield></datafield><datafield tag="541" ind1=" " ind2=" "><subfield code="c">Purchase ;</subfield><subfield code="a">Acquired by purchase (funds donated by Horace Rackham).</subfield><subfield code="d">1924.</subfield></datafield><datafield tag="546" ind1=" " ind2=" "><subfield code="a">Ottoman Turkish.</subfield></datafield><datafield tag="561" ind1=" " ind2=" "><subfield code="a">Former owners' marks on 'title page' (p.3) include a few effaced statements and statement in red ink identifying title dated 12 Jumādá II 1262 [8 May 1846] accompanied by a large oval seal impression dated 1261 [1845] in name of İşkodravi Şerifi Mustafa ( اشقودره وى شريفى مصطفى ) [ İşkodralı Şerif Mustafa Paşa, possibly Mustafa Paşa İşkodralı Buşatlı (1797-1860) ?] seal inscription reads "من متملكات الفقير الى ربه الاعلى المدعو بين الوزرا باشقودره وى شريفى مصطفى ١٢٦١" ; occasional glosses and marginal corrections.</subfield></datafield><datafield tag="600" ind1="1" ind2="0"><subfield code="a">Vaṣṣāf al-Ḥaz̤rat, ʻAbd Allāh ibn Faz̤l Allāh,</subfield><subfield code="d">1264 or 5-1329?</subfield><subfield code="t">Tajziyat al-amṣār wa-tazjiyat al-Aʻṣār.</subfield></datafield><datafield tag="650" ind1=" " ind2="0"><subfield code="a">Manuscripts, Turkish</subfield><subfield code="z">Michigan</subfield><subfield code="z">Ann Arbor.</subfield></datafield><datafield tag="650" ind1=" " ind2="0"><subfield code="a">Mongols</subfield><subfield code="z">Iran</subfield><subfield code="x">History</subfield><subfield code="v">Early works to 1800.</subfield></datafield><datafield tag="650" ind1=" " ind2="0"><subfield code="a">Ilkhanid dynasty</subfield><subfield code="x">History</subfield><subfield code="v">Early works to 1800.</subfield></datafield><datafield tag="651" ind1=" " ind2="0"><subfield code="a">Iran</subfield><subfield code="x">History</subfield><subfield code="y">640-1500</subfield><subfield code="v">Early works to 1800.</subfield></datafield><datafield tag="655" ind1=" " ind2="7"><subfield code="a">Headpieces (layout features)</subfield><subfield code="y">18th century.</subfield><subfield code="2">aat</subfield></datafield><datafield tag="700" ind1="0" ind2=" "><subfield code="a">Abdülhamid</subfield><subfield code="b">II,</subfield><subfield code="c">Sultan of the Turks,</subfield><subfield code="d">1842-1918,</subfield><subfield code="e">former owner.</subfield></datafield><datafield tag="700" ind1="0" ind2=" "><subfield code="6">880-07</subfield><subfield code="a">İşkodravi Şerifi Mustafa</subfield><subfield code="d">fl. 1845,</subfield><subfield code="e">former owner.</subfield></datafield><datafield tag="773" ind1="0" ind2=" "><subfield code="a">Abdul Hamid Collection.</subfield></datafield><datafield tag="880" ind1="0" ind2=" "><subfield code="6">700-07/</subfield><subfield code="a">اشقودره وى شريفى مصطفى ,</subfield><subfield code="e">مالك سابق.</subfield></datafield><datafield tag="880" ind1="3" ind2=" "><subfield code="6">246-04/</subfield><subfield code="a">Cild-i evvel-i Tarih-i Vassâf fî şerhe</subfield></datafield><datafield tag="880" ind1="1" ind2="0"><subfield code="6">245-03/</subfield><subfield code="a">هذا شرح وصاف,</subfield><subfield code="f">[القرن 18م؟].</subfield></datafield><datafield tag="880" ind1="0" ind2=" "><subfield code="6">100-01/</subfield><subfield code="a">نظمى زاده حسين مرتضى افندى.</subfield></datafield><datafield tag="CID" ind1=" " ind2=" "><subfield code="a">006822059</subfield></datafield><datafield tag="DAT" ind1="0" ind2=" "><subfield code="a">20190719102640.0</subfield><subfield code="b">20190719000000.0</subfield></datafield><datafield tag="DAT" ind1="1" ind2=" "><subfield code="a">20190719090653.0</subfield><subfield code="b">2019-07-19T16:12:13Z</subfield></datafield><datafield tag="DAT" ind1="2" ind2=" "><subfield code="a">2015-10-10T18:00:06Z</subfield></datafield><datafield tag="CAT" ind1=" " ind2=" "><subfield code="a">SDR-MIU</subfield><subfield code="d">EX LIBRIS - ALEPH</subfield><subfield code="l">prepare.pl-004-008</subfield></datafield><datafield tag="FMT" ind1=" " ind2=" "><subfield code="a">BK</subfield></datafield><datafield tag="HOL" ind1=" " ind2=" "><subfield code="0">sdr-miu006822059</subfield><subfield code="a">MiU</subfield><subfield code="b">SDR</subfield><subfield code="c">MIU</subfield><subfield code="p">mdp.39015079130517</subfield><subfield code="s">MIU</subfield><subfield code="1">006822059</subfield></datafield><datafield tag="974" ind1=" " ind2=" "><subfield code="b">MIU</subfield><subfield code="c">MIU</subfield><subfield code="d">20190719</subfield><subfield code="s">lit-dlps-dc</subfield><subfield code="u">mdp.39015079130517</subfield><subfield code="y">1799</subfield><subfield code="r">pd</subfield><subfield code="q">bib</subfield><subfield code="t">non-US bib date1 &lt; 1896</subfield></datafield></record></collection>